@book{demtroeder2,
  author    = {Demtröder, Wolfgang},
  title     = {Experimentalphysik},
  publisher = {Springer},
  year      = {2006},
  address   = {Berlin u.a},
  isbn      = {3-540-33794-6}
}

@book{Fliebach2012,
  doi       = {10.1007/978-3-8274-3036-6},
  url       = {https://doi.org/10.1007/978-3-8274-3036-6},
  year      = {2012},
  publisher = {Spektrum Akademischer Verlag},
  author    = {Torsten Flie{\ss}bach},
  title     = {Elektrodynamik}
}

@article{Amunts2013,
  doi       = {10.1126/science.1235381},
  url       = {https://doi.org/10.1126/science.1235381},
  year      = {2013},
  month     = jun,
  publisher = {American Association for the Advancement of Science ({AAAS})},
  volume    = {340},
  number    = {6139},
  pages     = {1472--1475},
  author    = {K. Amunts and C. Lepage and L. Borgeat and H. Mohlberg and T. Dickscheid and M.-E. Rousseau and S. Bludau and P.-L. Bazin and L. B. Lewis and A.-M. Oros-Peusquens and N. J. Shah and T. Lippert and K. Zilles and A. C. Evans},
  title     = {{BigBrain}: An Ultrahigh-Resolution 3D Human Brain Model},
  journal   = {Science}
}

@article{Amunts2016,
  doi       = {10.1016/j.neuron.2016.10.046},
  url       = {https://doi.org/10.1016/j.neuron.2016.10.046},
  year      = {2016},
  month     = nov,
  publisher = {Elsevier {BV}},
  volume    = {92},
  number    = {3},
  pages     = {574--581},
  author    = {Katrin Amunts and Christoph Ebell and Jeff Muller and Martin Telefont and Alois Knoll and Thomas Lippert},
  title     = {The Human Brain Project: Creating a European Research Infrastructure to Decode the Human Brain},
  journal   = {Neuron}
}

@article{Markram2006,
  doi       = {10.1038/nrn1848},
  url       = {https://doi.org/10.1038/nrn1848},
  year      = {2006},
  month     = feb,
  publisher = {Springer Science and Business Media {LLC}},
  volume    = {7},
  number    = {2},
  pages     = {153--160},
  author    = {Henry Markram},
  title     = {The Blue Brain Project},
  journal   = {Nature Reviews Neuroscience}
}

@article{Yendiki2021,
  doi       = {10.1101/2021.04.16.440223},
  url       = {https://doi.org/10.1101/2021.04.16.440223},
  year      = {2021},
  month     = apr,
  publisher = {Cold Spring Harbor Laboratory},
  author    = {Anastasia Yendiki and Manisha Aggarwal and Markus Axer and Amy F. D. Howard and Anne-Marie van Cappellen van Walsum and Suzanne N. Haber},
  title     = {Post mortem mapping of connectional anatomy for the validation of diffusion {MRI}}
}

@article{Jones1941,
  doi       = {10.1364/josa.31.000488},
  url       = {https://doi.org/10.1364/josa.31.000488},
  year      = {1941},
  month     = jul,
  publisher = {The Optical Society},
  volume    = {31},
  number    = {7},
  pages     = {488},
  author    = {R. Clark Jones},
  title     = {A New Calculus for the Treatment of Optical {SystemsI} Description and Discussion of the Calculus},
  journal   = {Journal of the Optical Society of America}
}

@article{mueller1943memorandum,
  title   = {Memorandum on the polarization optics of the photoelastic shutter},
  author  = {Mueller, Hans},
  journal = {Report of the OSRD project OEMsr-576},
  volume  = {2},
  year    = {1943}
}


@book{stokes1852composition,
  title     = {On the Composition and Resolution of Streams of Polarized Light from Different Sources},
  author    = {Stokes, G.G.},
  series    = {Proceedings of the Cambridge Philosophical Society : Mathematical and physical sciences},
  url       = {https://books.google.de/books?id=41VFGwAACAAJ},
  year      = {1852},
  publisher = {Printed at the Pitt Press by John W. Parker}
}

@inproceedings{beaujoin:hal-02876136,
  title       = {{CHENONCEAU: towards a novel mesoscopic (100/200$\mu$m) post-mortem human brain MRI atlas at 11.7T}},
  author      = {Beaujoin, Justine and Popov, Alexandros and Hot, Ra{\"i}ssa Yebga and Poupon, Fabrice and Mangin, Jean-Fran{\c c}ois and Destrieux, Christophe and Poupon, Cyril},
  url         = {https://hal.archives-ouvertes.fr/hal-02876136},
  booktitle   = {{OHBM ( Organization for Human Brain Mapping )}},
  address     = {Rome, Italy},
  year        = {2019},
  pdf         = {https://hal.archives-ouvertes.fr/hal-02876136/file/PouponChenonceauOHBM.pdf},
  hal_id      = {hal-02876136},
  hal_version = {v1}
}


@article{Shen2012,
  doi       = {10.1016/j.tins.2012.09.005},
  url       = {https://doi.org/10.1016/j.tins.2012.09.005},
  year      = {2012},
  month     = dec,
  publisher = {Elsevier {BV}},
  volume    = {35},
  number    = {12},
  pages     = {711--714},
  author    = {Elaine H. Shen and Caroline C. Overly and Allan R. Jones},
  title     = {The Allen Human Brain Atlas},
  journal   = {Trends in Neurosciences}
}

@article{Axer2011,
  doi       = {10.3389/fninf.2011.00034},
  url       = {https://doi.org/10.3389/fninf.2011.00034},
  year      = {2011},
  publisher = {Frontiers Media {SA}},
  volume    = {5},
  author    = {Markus Axer and David Gr{\"a}ssel and Melanie Kleiner and J{\"u}rgen Dammers and Timo Dickscheid and Julia Reckfort and Tim H{\"u}tz and Bj{\"o}rn Eiben and Uwe Pietrzyk and Karl Zilles and Katrin Amunts},
  title     = {High-Resolution Fiber Tract Reconstruction in the Human Brain by Means of Three-Dimensional Polarized Light Imaging},
  journal   = {Frontiers in Neuroinformatics}
}

@article{Axer2011a,
  doi       = {10.1016/j.neuroimage.2010.08.075},
  url       = {https://doi.org/10.1016/j.neuroimage.2010.08.075},
  year      = {2011},
  month     = jan,
  publisher = {Elsevier {BV}},
  volume    = {54},
  number    = {2},
  pages     = {1091--1101},
  author    = {Markus Axer and Katrin Amunts and David Gr{\"a}ssel and Christoph Palm and J{\"u}rgen Dammers and Hubertus Axer and Uwe Pietrzyk and Karl Zilles},
  title     = {A novel approach to the human connectome: Ultra-high resolution mapping of fiber tracts in the brain},
  journal   = {{NeuroImage}}
}

@article{Axer2016,
  doi       = {10.3389/fnana.2016.00040},
  url       = {https://doi.org/10.3389/fnana.2016.00040},
  year      = {2016},
  month     = apr,
  publisher = {Frontiers Media {SA}},
  volume    = {10},
  author    = {Markus Axer and Sven Strohmer and David Gr{\"a}{\ss}el and Oliver B{\"u}cker and Melanie Dohmen and Julia Reckfort and Karl Zilles and Katrin Amunts},
  title     = {Estimating Fiber Orientation Distribution Functions in 3D-Polarized Light Imaging},
  journal   = {Frontiers in Neuroanatomy}
}

@article{Dohmen2015,
  doi       = {10.1016/j.neuroimage.2015.02.020},
  url       = {https://doi.org/10.1016/j.neuroimage.2015.02.020},
  year      = {2015},
  month     = may,
  publisher = {Elsevier {BV}},
  volume    = {111},
  pages     = {464--475},
  author    = {Melanie Dohmen and Miriam Menzel and Hendrik Wiese and Julia Reckfort and Frederike Hanke and Uwe Pietrzyk and Karl Zilles and Katrin Amunts and Markus Axer},
  title     = {Understanding fiber mixture by simulation in 3D Polarized Light Imaging},
  journal   = {{NeuroImage}}
}

@phdthesis{Wiese:887678,
  author   = {Wiese, Hendrik},
  title    = {{E}nhancing the signal interpretation and microscopical
              hardware concept of 3{D} {P}olarized {L}ight {I}maging},
  school   = {Bergische Universität Wuppertal},
  type     = {Dissertation},
  reportid = {FZJ-2020-04339},
  pages    = {145 p.},
  year     = {2016},
  note     = {Dissertation, Bergische Universität Wuppertal, 2016},
  cin      = {INM-1},
  cid      = {I:(DE-Juel1)INM-1-20090406},
  pnm      = {574 - Theory, modelling and simulation (POF3-574)},
  pid      = {G:(DE-HGF)POF3-574},
  typ      = {PUB:(DE-HGF)11},
  url      = {https://juser.fz-juelich.de/record/887678}
}

@book{MenzelDissertation,
  doi       = {10.18154/RWTH-2018-230974},
  url       = {http://publications.rwth-aachen.de/record/750948},
  author    = {Menzel, Miriam},
  keywords  = {polarization microscopy ; polarimetry ; dichroism ; scattering ; computational electrodynamics ; Maxwell equations ; neuroimaging ; nerve fiber architecture ; simulation and modeling ; high-performance computing},
  language  = {en},
  title     = {Finite-Differenzen-Simulationen im Zeitbereich zur verbesserten Rekonstruktion der Nervenfaserarchitektur des Gehirns durch 3D-Bildgebung mit polarisiertem Licht},
  journal   = {Dissertation},
  volume    = {RWTH Aachen University},
  pages     = {2018},
  publisher = {RWTH Aachen University},
  year      = {2018}
}

@article{Menzel2015,
  doi       = {10.1098/rsif.2015.0734},
  url       = {https://doi.org/10.1098/rsif.2015.0734},
  year      = {2015},
  month     = oct,
  publisher = {The Royal Society},
  volume    = {12},
  number    = {111},
  pages     = {20150734},
  author    = {M. Menzel and K. Michielsen and H. De Raedt and J. Reckfort and K. Amunts and M. Axer},
  title     = {A Jones matrix formalism for simulating three-dimensional polarized light imaging of brain tissue},
  journal   = {Journal of The Royal Society Interface}
}

@inproceedings{Menzel2016,
  author    = {Menzel, Miriam
               and Axer, Markus
               and De Raedt, Hans
               and Michielsen, Kristel},
  editor    = {Amunts, Katrin
               and Grandinetti, Lucio
               and Lippert, Thomas
               and Petkov, Nicolai},
  title     = {Finite-Difference Time-Domain Simulation for Three-Dimensional Polarized Light Imaging},
  booktitle = {Brain-Inspired Computing},
  year      = {2016},
  publisher = {Springer International Publishing},
  address   = {Cham},
  pages     = {73--85}
}

@article{Menzel2020,
  doi       = {10.1103/physrevx.10.021002},
  url       = {https://doi.org/10.1103/physrevx.10.021002},
  year      = {2020},
  month     = apr,
  publisher = {American Physical Society ({APS})},
  volume    = {10},
  number    = {2},
  author    = {Miriam Menzel and Markus Axer and Hans De Raedt and Irene Costantini and Ludovico Silvestri and Francesco S. Pavone and Katrin Amunts and Kristel Michielsen},
  title     = {Toward a High-Resolution Reconstruction of 3D Nerve Fiber Architectures and Crossings in the Brain Using Light Scattering Measurements and Finite-Difference Time-Domain Simulations},
  journal   = {Physical Review X}
}

@article{Menzel2021,
  doi       = {10.1016/j.neuroimage.2021.117952},
  url       = {https://doi.org/10.1016/j.neuroimage.2021.117952},
  year      = {2021},
  month     = jun,
  publisher = {Elsevier {BV}},
  volume    = {233},
  pages     = {117952},
  author    = {Miriam Menzel and Jan Andr{\'{e}} Reuter and David Gr{\"a}{\ss}el and Mike Huwer and Philipp Schl{\"o}mer and Katrin Amunts and Markus Axer},
  title     = {Scattered Light Imaging: Resolving the substructure of nerve fiber crossings in whole brain sections with micrometer resolution},
  journal   = {{NeuroImage}}
}

@article{Matuschke2019,
  place     = {NL},
  title     = {Dense Fiber Modeling for 3D-Polarized Light Imaging Simulations},
  volume    = {34},
  issn      = {0927-5452},
  url       = {https://doi.org/10.3233/APC190017},
  doi       = {10.3233/APC190017},
  number    = {Future Trends of HPC in a Disruptive Scenario},
  journal   = {Advances in Parallel Computing},
  publisher = {IOS Press},
  author    = {Felix Matuschke and Kévin Ginsburger and Cyril Poupon and Katrin Amunts and Markus Axer},
  isbn      = {9781614999997},
  year      = {2019},
  pages     = {240–253}
}

@article{Matuschke2021,
  doi       = {10.21105/joss.03042},
  url       = {https://doi.org/10.21105/joss.03042},
  year      = {2021},
  month     = may,
  publisher = {The Open Journal},
  volume    = {6},
  number    = {61},
  pages     = {3042},
  author    = {Felix Matuschke and Katrin Amunts and Markus Axer},
  title     = {{fastPLI}: A Fiber Architecture Simulation Toolbox for 3D-{PLI}},
  journal   = {Journal of Open Source Software}
}

@article{Costantini2021,
  doi       = {10.1038/s41598-021-86092-7},
  url       = {https://doi.org/10.1038/s41598-021-86092-7},
  year      = {2021},
  month     = apr,
  publisher = {Springer Science and Business Media {LLC}},
  volume    = {11},
  number    = {1},
  author    = {Irene Costantini and Enrico Baria and Michele Sorelli and Felix Matuschke and Francesco Giardini and Miriam Menzel and Giacomo Mazzamuto and Ludovico Silvestri and Riccardo Cicchi and Katrin Amunts and Markus Axer and Francesco Saverio Pavone},
  title     = {Autofluorescence enhancement for label-free imaging of myelinated fibers in mammalian brains},
  journal   = {Scientific Reports}
}

@article{Reuter2019,
  doi       = {10.1007/s11548-019-02053-6},
  url       = {https://doi.org/10.1007/s11548-019-02053-6},
  year      = {2019},
  month     = aug,
  publisher = {Springer Science and Business Media {LLC}},
  volume    = {14},
  number    = {11},
  pages     = {1881--1889},
  author    = {Jan Andr{\'{e}} Reuter and Felix Matuschke and Miriam Menzel and Nicole Schubert and K{\'{e}}vin Ginsburger and Cyril Poupon and Katrin Amunts and Markus Axer},
  title     = {{FAConstructor}: an interactive tool for geometric modeling of nerve fiber architectures in the brain},
  journal   = {International Journal of Computer Assisted Radiology and Surgery}
}

@article{Ginsburger2019,
  doi       = {10.1016/j.neuroimage.2019.02.055},
  url       = {https://doi.org/10.1016/j.neuroimage.2019.02.055},
  year      = {2019},
  month     = jun,
  publisher = {Elsevier {BV}},
  volume    = {193},
  pages     = {10--24},
  author    = {K{\'{e}}vin Ginsburger and Felix Matuschke and Fabrice Poupon and Jean-Fran{\c{c}}ois Mangin and Markus Axer and Cyril Poupon},
  title     = {{MEDUSA}: A {GPU}-based tool to create realistic phantoms of the brain microstructure using tiny spheres},
  journal   = {{NeuroImage}}
}

@misc{ginsburgerDis2019,
  title     = {Modeling and simulation of the diffusion MRI signal from human brain white matter to decode its microstructure and produce an anatomic atlas at high fields (3T)},
  url       = {https://www.theses.fr/2019SACLS158},
  journal   = {http://www.theses.fr/},
  publisher = {Université Paris-Saclay (ComUE)},
  author    = {K{\'{e}}vin Ginsburger},
  year      = {2019},
  month     = {8}
}

@article{Ginsburger2018,
  doi       = {10.3389/fphy.2018.00012},
  url       = {https://doi.org/10.3389/fphy.2018.00012},
  year      = {2018},
  month     = feb,
  publisher = {Frontiers Media {SA}},
  volume    = {6},
  author    = {K{\'{e}}vin Ginsburger and Fabrice Poupon and Justine Beaujoin and Delphine Estournet and Felix Matuschke and Jean-Fran{\c{c}}ois Mangin and Markus Axer and Cyril Poupon},
  title     = {Improving the Realism of White Matter Numerical Phantoms: A Step toward a Better Understanding of the Influence of Structural Disorders in Diffusion {MRI}},
  journal   = {Frontiers in Physics}
}

@article{Balls2009,
  doi       = {10.1002/mrm.22033},
  url       = {https://doi.org/10.1002/mrm.22033},
  year      = {2009},
  month     = sep,
  publisher = {Wiley},
  volume    = {62},
  number    = {3},
  pages     = {771--778},
  author    = {Gregory T. Balls and Lawrence R. Frank},
  title     = {A simulation environment for diffusion weighted {MR} experiments in complex media},
  journal   = {Magnetic Resonance in Medicine}
}

@misc{Karras2012,
  doi       = {10.2312/EGGH/HPG12/033-037},
  url       = {http://diglib.eg.org/handle/10.2312/EGGH.HPG12.033-037},
  author    = {Karras,  Tero},
  keywords  = {Categories and Subject Descriptors (according to ACM CCS): I.3.6 [Computer Graphics]: Methodology and Techniques-Graphics data structures and data types},
  language  = {eng},
  title     = {Maximizing Parallelism in the Construction of BVHs,  Octrees,  and k-d Trees},
  journal   = {Eurographics/ ACM SIGGRAPH Symposium on High Performance Graphics},
  publisher = {The Eurographics Association},
  year      = {2012}
}

@article{Liewald2014,
  doi       = {10.1007/s00422-014-0626-2},
  url       = {https://doi.org/10.1007/s00422-014-0626-2},
  year      = {2014},
  month     = aug,
  publisher = {Springer Science and Business Media {LLC}},
  volume    = {108},
  number    = {5},
  pages     = {541--557},
  author    = {Daniel Liewald and Robert Miller and Nikos Logothetis and Hans-Joachim Wagner and Almut Sch{\"u}z},
  title     = {Distribution of axon diameters in cortical white matter: an electron-microscopic study on three human brains and a macaque},
  journal   = {Biological Cybernetics}
}

@article{Cercignani2017,
  doi       = {10.1016/j.neurobiolaging.2016.09.016},
  url       = {https://doi.org/10.1016/j.neurobiolaging.2016.09.016},
  year      = {2017},
  month     = jan,
  publisher = {Elsevier {BV}},
  volume    = {49},
  pages     = {109--118},
  author    = {Mara Cercignani and Giovanni Giulietti and Nick G. Dowell and Matt Gabel and Rebecca Broad and P. Nigel Leigh and Neil A. Harrison and Marco Bozzali},
  title     = {Characterizing axonal myelination within the healthy population: a tract-by-tract mapping of effects of age and gender on the fiber g-ratio},
  journal   = {Neurobiology of Aging}
}

@article{FitzGibbon2013,
  doi       = {10.4103/0301-4738.121075},
  url       = {https://doi.org/10.4103/0301-4738.121075},
  year      = {2013},
  publisher = {Medknow},
  volume    = {61},
  number    = {10},
  pages     = {567},
  author    = {Thomas FitzGibbon and Zoran Nestorovski},
  title     = {Human intraretinal myelination: Axon diameters and axon/myelin thickness ratios},
  journal   = {Indian Journal of Ophthalmology}
}

@inbook{Aumann2019,
  author    = {Aumann, Silke
               and Donner, Sabine
               and Fischer, J{\"o}rg
               and M{\"u}ller, Frank},
  editor    = {Bille, Josef F.},
  title     = {Optical Coherence Tomography (OCT): Principle and Technical Realization},
  booktitle = {High Resolution Imaging in Microscopy and Ophthalmology: New Frontiers in Biomedical Optics},
  year      = {2019},
  publisher = {Springer International Publishing},
  address   = {Cham},
  pages     = {59--85},
  isbn      = {978-3-030-16638-0},
  doi       = {10.1007/978-3-030-16638-0_3},
  url       = {https://doi.org/10.1007/978-3-030-16638-0_3}
}

@incollection{Schober2016,
  doi       = {10.1007/978-3-662-49465-3_27},
  url       = {https://doi.org/10.1007/978-3-662-49465-3_27},
  year      = {2016},
  publisher = {Springer Berlin Heidelberg},
  pages     = {146--151},
  author    = {Martin Schober and Markus Axer and Marcel Huysegoms and Nicole Schubert and Katrin Amunts and Timo Dickscheid},
  title     = {Morphing Image Masks for Stacked Histological Sections Using Laplace's Equation},
  booktitle = {Informatik aktuell}
}

@incollection{Ali2018,
  doi       = {10.1007/978-3-030-00755-3_1},
  url       = {https://doi.org/10.1007/978-3-030-00755-3_1},
  year      = {2018},
  publisher = {Springer International Publishing},
  pages     = {1--10},
  author    = {Sharib Ali and Martin Schober and Philipp Schl{\"o}mer and Katrin Amunts and Markus Axer and Karl Rohr},
  title     = {Towards Ultra-High Resolution 3D Reconstruction of a Whole Rat Brain from 3D-{PLI} Data},
  booktitle = {Connectomics in {NeuroImaging}}
}

@book{MenzelMaster,
  author   = {Menzel, Miriam},
  title    = {{S}imulation and {M}odeling for the {R}econstruction of {N}erve {F}ibers in the {B}rain by 3{D} {P}olarized {L}ight {I}maging},
  school   = {RWTH Aachen},
  type     = {MS},
  reportid = {FZJ-2014-04887},
  pages    = {v, 165},
  year     = {2014},
  note     = {RWTH Aachen, Masterarbeit, 2014},
  keywords = {Unveröffentlichte Hochschulschrift (GND)},
  cin      = {JSC / INM-1},
  cid      = {I:(DE-Juel1)JSC-20090406 / I:(DE-Juel1)INM-1-20090406},
  pnm      = {899 - ohne Topic (POF2-899)},
  pid      = {G:(DE-HGF)POF2-899},
  typ      = {PUB:(DE-HGF)19},
  url      = {https://juser.fz-juelich.de/record/155964}
}

@article{Stikov2015,
  doi       = {10.1016/j.neuroimage.2015.05.023},
  url       = {https://doi.org/10.1016/j.neuroimage.2015.05.023},
  year      = {2015},
  month     = sep,
  publisher = {Elsevier {BV}},
  volume    = {118},
  pages     = {397--405},
  author    = {Nikola Stikov and Jennifer S.W. Campbell and Thomas Stroh and Mariette Lavel{\'{e}}e and Stephen Frey and Jennifer Novek and Stephen Nuara and Ming-Kai Ho and Barry J. Bedell and Robert F. Dougherty and Ilana R. Leppert and Mathieu Boudreau and Sridar Narayanan and Tanguy Duval and Julien Cohen-Adad and Paul-Alexandre Picard and Alicja Gasecka and Daniel C{\^{o}}t{\'{e}} and G. Bruce Pike},
  title     = {In vivo histology of the myelin g-ratio with magnetic resonance imaging},
  journal   = {{NeuroImage}}
}

@article{Dean2016,
  doi       = {10.1016/j.neuroimage.2016.02.040},
  url       = {https://doi.org/10.1016/j.neuroimage.2016.02.040},
  year      = {2016},
  month     = may,
  publisher = {Elsevier {BV}},
  volume    = {132},
  pages     = {225--237},
  author    = {Douglas C. Dean and Jonathan O{\textquotesingle}Muircheartaigh and Holly Dirks and Brittany G. Travers and Nagesh Adluru and Andrew L. Alexander and Sean C.L. Deoni},
  title     = {Mapping an index of the myelin g-ratio in infants using magnetic resonance imaging},
  journal   = {{NeuroImage}}
}

@article{Mohammadi2015,
  doi       = {10.3389/fnins.2015.00441},
  url       = {https://doi.org/10.3389/fnins.2015.00441},
  year      = {2015},
  month     = nov,
  publisher = {Frontiers Media {SA}},
  volume    = {9},
  author    = {Siawoosh Mohammadi and Daniel Carey and Fred Dick and Joern Diedrichsen and Martin I. Sereno and Marco Reisert and Martina F. Callaghan and Nikolaus Weiskopf},
  title     = {Whole-Brain In-vivo Measurements of the Axonal G-Ratio in a Group of 37 Healthy Volunteers},
  journal   = {Frontiers in Neuroscience}
}

@article{Berman2018,
  doi       = {10.1016/j.neuroimage.2017.06.076},
  url       = {https://doi.org/10.1016/j.neuroimage.2017.06.076},
  year      = {2018},
  month     = nov,
  publisher = {Elsevier {BV}},
  volume    = {182},
  pages     = {304--313},
  author    = {Shai Berman and Kathryn L. West and Mark D. Does and Jason D. Yeatman and Aviv A. Mezer},
  title     = {Evaluating g-ratio weighted changes in the corpus callosum as a function of age and sex},
  journal   = {{NeuroImage}}
}

@article{Jung2018,
  doi       = {10.1016/j.neuroimage.2017.09.053},
  url       = {https://doi.org/10.1016/j.neuroimage.2017.09.053},
  year      = {2018},
  month     = nov,
  publisher = {Elsevier {BV}},
  volume    = {182},
  pages     = {379--388},
  author    = {Woojin Jung and Jingu Lee and Hyeong-Geol Shin and Yoonho Nam and Hui Zhang and Se-Hong Oh and Jongho Lee},
  title     = {Whole brain g-ratio mapping using myelin water imaging ({MWI}) and neurite orientation dispersion and density imaging ({NODDI})},
  journal   = {{NeuroImage}}
}

@article{Schmitz2018,
  doi       = {10.3389/fnana.2018.00075},
  url       = {https://doi.org/10.3389/fnana.2018.00075},
  year      = {2018},
  month     = sep,
  publisher = {Frontiers Media {SA}},
  volume    = {12},
  author    = {Daniel Schmitz and Sascha E. A. Muenzing and Martin Schober and Nicole Schubert and Martina Minnerop and Thomas Lippert and Katrin Amunts and Markus Axer},
  title     = {Derivation of Fiber Orientations From Oblique Views Through Human Brain Sections in 3D-Polarized Light Imaging},
  journal   = {Frontiers in Neuroanatomy}
}

@article{Abdollahzadeh2019,
  doi       = {10.1038/s41598-019-42648-2},
  url       = {https://doi.org/10.1038/s41598-019-42648-2},
  year      = {2019},
  month     = apr,
  publisher = {Springer Science and Business Media {LLC}},
  volume    = {9},
  number    = {1},
  author    = {Ali Abdollahzadeh and Ilya Belevich and Eija Jokitalo and Jussi Tohka and Alejandra Sierra},
  title     = {Automated 3D Axonal Morphometry of White Matter},
  journal   = {Scientific Reports}
}

@mastersthesis{Kobusch:Seminar,
  author = {Kobusch, Alexander},
  title  = {{P}arallele {I}mplementierung einer {P}olarisationsmikroskopie-{S}imulation zur {L}icht-{H}irngewebe-{W}echselwirkung auf der {G}{P}{U}},
  school = {FH Aachen},
  type   = {Seminararbeit},
  pages  = {23},
  year   = {2020},
  note   = {Seminararbeit, FH Aachen, 2020},
  cin    = {INM-1},
  pnm    = {574 - Theory, modelling and simulation (POF3-574)},
  pid    = {G:(DE-HGF)POF3-574}
}

@mastersthesis{Kobusch:887783,
  author   = {Kobusch, Alexander},
  title    = {{S}imulation von 3{D}-{P}olarized {L}ight {I}maging mit
              {GPU} basiertem {R}ay {T}racing},
  school   = {FH Aachen},
  type     = {Bachelorarbeit},
  reportid = {FZJ-2020-04420},
  pages    = {46},
  year     = {2020},
  note     = {Bachelorarbeit, FH Aachen, 2020},
  cin      = {INM-1},
  cid      = {I:(DE-Juel1)INM-1-20090406},
  pnm      = {574 - Theory, modelling and simulation (POF3-574)},
  pid      = {G:(DE-HGF)POF3-574},
  typ      = {PUB:(DE-HGF)2},
  url      = {https://juser.fz-juelich.de/record/887783}
}

@article{Ji2021,
  url       = {https://iovs.arvojournals.org/article.aspx?articleid=2773519},
  year      = {2021},
  month     = jun,
  publisher = {ARVO},
  volume    = {62},
  issue     = {8},
  author    = {Fengting Ji and Manik Bansal and Bingrui Wang and Yi Hua and Ian A Sigal},
  title     = {Mechanical properties of scleral collagen fibers obtained using a new fiber-based specimen-specific model of sclera microstructure.},
  journal   = {Investigative Ophthalmology \& Visual Science}
}

@book{9780134495491,
  title     = {OpenGL Programming Guide},
  author    = {John M. Kessenich and Graham Sellers and Dave Shreiner},
  year      = {2021},
  month     = {09},
  day       = {06},
  pagecount = {929},
  isbn      = {9780134495491}
}

@book{Goodfellow-et-al-2016,
  title     = {Deep Learning},
  author    = {Ian Goodfellow and Yoshua Bengio and Aaron Courville},
  publisher = {MIT Press},
  url       = {http://www.deeplearningbook.org},
  year      = {2016}
}

@book{murphy2013machine,
  author      = {Murphy, Kevin P.},
  description = {Machine Learning: A Probabilistic Perspective (Adaptive Computation and Machine Learning series): Kevin P. Murphy: 9780262018029: Amazon.com: Books},
  isbn        = {9780262018029 0262018020},
  publisher   = {MIT Press},
  title       = {Machine learning : a probabilistic perspective},
  year        = 2013,
  url         = {https://mitpress.mit.edu/books/machine-learning-1}
}

@article{DBLP:journals/corr/abs-1910-00704,
  author     = {Philippe Trempe},
  title      = {Spherical k-Nearest Neighbors Interpolation},
  journal    = {CoRR},
  volume     = {abs/1910.00704},
  year       = {2019},
  url        = {http://arxiv.org/abs/1910.00704},
  eprinttype = {arXiv},
  eprint     = {1910.00704},
  timestamp  = {Fri, 04 Oct 2019 12:28:06 +0200},
  biburl     = {https://dblp.org/rec/journals/corr/abs-1910-00704.bib},
  bibsource  = {dblp computer science bibliography, https://dblp.org}
}

@article{Schilling2018,
  doi       = {10.1016/j.neuroimage.2017.10.046},
  url       = {https://doi.org/10.1016/j.neuroimage.2017.10.046},
  year      = {2018},
  month     = jan,
  publisher = {Elsevier {BV}},
  volume    = {165},
  pages     = {200--221},
  author    = {Kurt G. Schilling and Vaibhav Janve and Yurui Gao and Iwona Stepniewska and Bennett A. Landman and Adam W. Anderson},
  title     = {Histological validation of diffusion {MRI} fiber orientation distributions and dispersion},
  journal   = {{NeuroImage}}
}

@article{Schilling2021,
  doi       = {10.1016/j.neuroimage.2021.118502},
  url       = {https://doi.org/10.1016/j.neuroimage.2021.118502},
  year      = {2021},
  month     = nov,
  publisher = {Elsevier {BV}},
  volume    = {243},
  pages     = {118502},
  author    = {Kurt G. Schilling and Fran{\c{c}}ois Rheault and Laurent Petit and Colin B. Hansen and Vishwesh Nath and Fang-Cheng Yeh and Gabriel Girard and Muhamed Barakovic and Jonathan Rafael-Patino and Thomas Yu and Elda Fischi-Gomez and Marco Pizzolato and Mario Ocampo-Pineda and Simona Schiavi and Erick J. Canales-Rodr{\'{\i}}guez and Alessandro Daducci and Cristina Granziera and Giorgio Innocenti and Jean-Philippe Thiran and Laura Mancini and Stephen Wastling and Sirio Cocozza and Maria Petracca and Giuseppe Pontillo and Matteo Mancini and Sjoerd B. Vos and Vejay N. Vakharia and John S. Duncan and Helena Melero and Lidia Manzanedo and Emilio Sanz-Morales and {\'{A}}ngel Pe{\~{n}}a-Meli{\'{a}}n and Fernando Calamante and Arnaud Atty{\'{e}} and Ryan P. Cabeen and Laura Korobova and Arthur W. Toga and Anupa Ambili Vijayakumari and Drew Parker and Ragini Verma and Ahmed Radwan and Stefan Sunaert and Louise Emsell and Alberto De Luca and Alexander Leemans and Claude J. Bajada and Hamied Haroon and Hojjatollah Azadbakht and Maxime Chamberland and Sila Genc and Chantal M.W. Tax and Ping-Hong Yeh and Rujirutana Srikanchana and Colin D. Mcknight and Joseph Yuan-Mou Yang and Jian Chen and Claire E. Kelly and Chun-Hung Yeh and Jerome Cochereau and Jerome J. Maller and Thomas Welton and Fabien Almairac and Kiran K Seunarine and Chris A. Clark and Fan Zhang and Nikos Makris and Alexandra Golby and Yogesh Rathi and Lauren J. O{\textquotesingle}Donnell and Yihao Xia and Dogu Baran Aydogan and Yonggang Shi and Francisco Guerreiro Fernandes and Mathijs Raemaekers and Shaun Warrington and Stijn Michielse and Alonso Ram{\'{\i}}rez-Manzanares and Luis Concha and Ram{\'{o}}n Aranda and Mariano Rivera Meraz and Garikoitz Lerma-Usabiaga and Lucas Roitman and Lucius S. Fekonja and Navona Calarco and Michael Joseph and Hajer Nakua and Aristotle N. Voineskos and Philippe Karan and Gabrielle Grenier and Jon Haitz Legarreta and Nagesh Adluru and Veena A. Nair and Vivek Prabhakaran and Andrew L. Alexander and Koji Kamagata and Yuya Saito and Wataru Uchida and Christina Andica and Masahiro Abe and Roza G. Bayrak and Claudia A.M. Gandini Wheeler-Kingshott and Egidio D{\textquotesingle}Angelo and Fulvia Palesi and Giovanni Savini and Nicol{\`{o}} Rolandi and Pamela Guevara and Josselin Houenou and Narciso L{\'{o}}pez-L{\'{o}}pez and Jean-Fran{\c{c}}ois Mangin and Cyril Poupon and Claudio Rom{\'{a}}n and Andrea V{\'{a}}zquez and Chiara Maffei and Mavilde Arantes and Jos{\'{e}} Paulo Andrade and Susana Maria Silva and Vince D. Calhoun and Eduardo Caverzasi and Simone Sacco and Michael Lauricella and Franco Pestilli and Daniel Bullock and Yang Zhan and Edith Brignoni-Perez and Catherine Lebel and Jess E Reynolds and Igor Nestrasil and Ren{\'{e}} Labounek and Christophe Lenglet and Amy Paulson and Stefania Aulicka and Sarah R. Heilbronner and Katja Heuer and Bramsh Qamar Chandio and Javier Guaje and Wei Tang and Eleftherios Garyfallidis and Rajikha Raja and Adam W. Anderson and Bennett A. Landman and Maxime Descoteaux},
  title     = {Tractography dissection variability: What happens when 42 groups dissect 14 white matter bundles on the same dataset?},
  journal   = {{NeuroImage}}
}

@article{MaierHein2017,
  doi       = {10.1038/s41467-017-01285-x},
  url       = {https://doi.org/10.1038/s41467-017-01285-x},
  year      = {2017},
  month     = nov,
  publisher = {Springer Science and Business Media {LLC}},
  volume    = {8},
  number    = {1},
  author    = {Klaus H. Maier-Hein and Peter F. Neher and Jean-Christophe Houde and Marc-Alexandre C{\^{o}}t{\'{e}} and Eleftherios Garyfallidis and Jidan Zhong and Maxime Chamberland and Fang-Cheng Yeh and Ying-Chia Lin and Qing Ji and Wilburn E. Reddick and John O. Glass and David Qixiang Chen and Yuanjing Feng and Chengfeng Gao and Ye Wu and Jieyan Ma and Renjie He and Qiang Li and Carl-Fredrik Westin and Samuel Deslauriers-Gauthier and J. Omar Ocegueda Gonz{\'{a}}lez and Michael Paquette and Samuel St-Jean and Gabriel Girard and Fran{\c{c}}ois Rheault and Jasmeen Sidhu and Chantal M. W. Tax and Fenghua Guo and Hamed Y. Mesri and Szabolcs D{\'{a}}vid and Martijn Froeling and Anneriet M. Heemskerk and Alexander Leemans and Arnaud Bor{\'{e}} and Basile Pinsard and Christophe Bedetti and Matthieu Desrosiers and Simona Brambati and Julien Doyon and Alessia Sarica and Roberta Vasta and Antonio Cerasa and Aldo Quattrone and Jason Yeatman and Ali R. Khan and Wes Hodges and Simon Alexander and David Romascano and Muhamed Barakovic and Anna Aur{\'{\i}}a and Oscar Esteban and Alia Lemkaddem and Jean-Philippe Thiran and H. Ertan Cetingul and Benjamin L. Odry and Boris Mailhe and Mariappan S. Nadar and Fabrizio Pizzagalli and Gautam Prasad and Julio E. Villalon-Reina and Justin Galvis and Paul M. Thompson and Francisco De Santiago Requejo and Pedro Luque Laguna and Luis Miguel Lacerda and Rachel Barrett and Flavio Dell'Acqua and Marco Catani and Laurent Petit and Emmanuel Caruyer and Alessandro Daducci and Tim B. Dyrby and Tim Holland-Letz and Claus C. Hilgetag and Bram Stieltjes and Maxime Descoteaux},
  title     = {The challenge of mapping the human connectome based on diffusion tractography},
  journal   = {Nature Communications}
}

@article{WALHOVD20142,
  title    = {Unraveling the secrets of white matter – Bridging the gap between cellular, animal and human imaging studies},
  journal  = {Neuroscience},
  volume   = {276},
  pages    = {2-13},
  year     = {2014},
  note     = {Secrets of the CNS White Matter},
  issn     = {0306-4522},
  doi      = {https://doi.org/10.1016/j.neuroscience.2014.06.058},
  url      = {https://www.sciencedirect.com/science/article/pii/S0306452214005430},
  author   = {K.B. Walhovd and H. Johansen-Berg and R.T. Káradóttir},
  keywords = {white matter, myelin, glial cell, DTI, functional imaging, anatomy}
}

@article{Alimi2020,
  doi       = {10.1016/j.media.2020.101760},
  url       = {https://doi.org/10.1016/j.media.2020.101760},
  year      = {2020},
  month     = oct,
  publisher = {Elsevier {BV}},
  volume    = {65},
  pages     = {101760},
  author    = {Abib Alimi and Samuel Deslauriers-Gauthier and Felix Matuschke and Andreas M\"{u}ller and Sascha E.A. Muenzing and Markus Axer and Rachid Deriche},
  title     = {Analytical and fast Fiber Orientation Distribution reconstruction in 3D-Polarized Light Imaging},
  journal   = {Medical Image Analysis}
}

%%%%%%%%%%%%%%%%%%%%%%%%%%%%%%%%%%%%%%%%%%%%%%%%%%%%%%%%%%%%%%%%%%%%%%%%%%%%%%%%%%%%%%%%%%%%
% SOFTWARE
%%%%%%%%%%%%%%%%%%%%%%%%%%%%%%%%%%%%%%%%%%%%%%%%%%%%%%%%%%%%%%%%%%%%%%%%%%%%%%%%%%%%%%%%%%%%

@software{Python3,
  author   = {{Python Software Foundation}},
  title    = {Python3},
  url      = {http://www.python.org},
  version  = {3.6.8},
  date     = {2018-12-24},
  keywords = {software}
}

@article{2019arXiv190710121V,
  author        = {{Virtanen}, Pauli and {Gommers}, Ralf and {Oliphant},
                   Travis E. and {Haberland}, Matt and {Reddy}, Tyler and
                   {Cournapeau}, David and {Burovski}, Evgeni and {Peterson}, Pearu
                   and {Weckesser}, Warren and {Bright}, Jonathan and {van der Walt},
                   St{\'e}fan J.  and {Brett}, Matthew and {Wilson}, Joshua and
                   {Jarrod Millman}, K.  and {Mayorov}, Nikolay and {Nelson}, Andrew
                   R.~J. and {Jones}, Eric and {Kern}, Robert and {Larson}, Eric and
                   {Carey}, CJ and {Polat}, {\.I}lhan and {Feng}, Yu and {Moore},
                   Eric W. and {Vand erPlas}, Jake and {Laxalde}, Denis and
                   {Perktold}, Josef and {Cimrman}, Robert and {Henriksen}, Ian and
                   {Quintero}, E.~A. and {Harris}, Charles R and {Archibald}, Anne M.
                   and {Ribeiro}, Ant{\^o}nio H. and {Pedregosa}, Fabian and
                   {van Mulbregt}, Paul and {Contributors}, SciPy 1. 0},
  title         = {{SciPy 1.0 -- Fundamental Algorithms for Scientific
                   Computing in Python}},
  journal       = {arXiv e-prints},
  year          = {2019},
  month         = Jul,
  archiveprefix = {arXiv},
  eprint        = {1907.10121},
  primaryclass  = {cs.MS},
  adsurl        = {https://ui.adsabs.harvard.edu/abs/2019arXiv190710121V},
  adsnote       = {Provided by the SAO/NASA Astrophysics Data System},
  keywords      = {software}
}

@software{pybind11,
  author   = {Wenzel Jakob and Jason Rhinelander and Dean Moldovan},
  year     = {2017},
  note     = {\url{https://github.com/pybind/pybind11}},
  title    = {pybind11 -- Seamless operability between C++11 and Python},
  keywords = {software}
}

@inproceedings{Lam2015,
  doi       = {10.1145/2833157.2833162},
  url       = {https://doi.org/10.1145/2833157.2833162},
  year      = {2015},
  publisher = {{ACM} Press},
  author    = {Siu Kwan Lam and Antoine Pitrou and Stanley Seibert},
  title     = {Numba},
  booktitle = {Proceedings of the Second Workshop on the {LLVM} Compiler Infrastructure in {HPC} - {LLVM} {\textquotesingle}15},
  keywords  = {software}
}

@article{Dalcin2011,
  doi       = {10.1016/j.advwatres.2011.04.013},
  url       = {https://doi.org/10.1016/j.advwatres.2011.04.013},
  year      = {2011},
  month     = sep,
  publisher = {Elsevier {BV}},
  volume    = {34},
  number    = {9},
  pages     = {1124--1139},
  author    = {Lisandro D. Dalcin and Rodrigo R. Paz and Pablo A. Kler and Alejandro Cosimo},
  title     = {Parallel distributed computing using Python},
  journal   = {Advances in Water Resources},
  keywords  = {software}
}

@article{Dalcn2008,
  doi       = {10.1016/j.jpdc.2007.09.005},
  url       = {https://doi.org/10.1016/j.jpdc.2007.09.005},
  year      = {2008},
  month     = may,
  publisher = {Elsevier {BV}},
  volume    = {68},
  number    = {5},
  pages     = {655--662},
  author    = {Lisandro Dalc{\'{i}}n and Rodrigo Paz and Mario Storti and Jorge D'El{\'{i}}a},
  title     = {{MPI} for Python: Performance improvements and {MPI}-2 extensions},
  journal   = {Journal of Parallel and Distributed Computing},
  keywords  = {software}
}

@article{Dalcn2005,
  doi       = {10.1016/j.jpdc.2005.03.010},
  url       = {https://doi.org/10.1016/j.jpdc.2005.03.010},
  year      = {2005},
  month     = sep,
  publisher = {Elsevier {BV}},
  volume    = {65},
  number    = {9},
  pages     = {1108--1115},
  author    = {Lisandro Dalc{\'{i}}n and Rodrigo Paz and Mario Storti},
  title     = {{MPI} for Python},
  journal   = {Journal of Parallel and Distributed Computing},
  keywords  = {software}
}

@book{collette_python_hdf5_2014,
  keywords  = {python, hdf5},
  year      = {2013},
  publisher = {O'Reilly},
  title     = {Python and HDF5},
  author    = {Andrew Collette},
  keywords  = {software}
}

@online{hdf5,
  author   = {{The HDF Group}},
  title    = {{Hierarchical Data Format, version 5}},
  year     = {1997},
  note     = {\url{http://www.hdfgroup.org/HDF5/}},
  keywords = {software}
}

@book{message2015mpi,
  title     = {MPI: A Message-passing Interface Standard, Version 3.1 ; June 4, 2015},
  author    = {Message Passing Interface Forum},
  url       = {https://books.google.de/books?id=uv1ajwEACAAJ},
  year      = {2015},
  publisher = {High-Performance Computing Center Stuttgart, University of Stuttgart},
  keywords  = {software}
}

@article{dagum1998openmp,
  author        = {Dagum, Leonardo and Menon, Ramesh},
  date-added    = {2014-07-24 11:13:01 +0000},
  date-modified = {2014-07-24 11:13:01 +0000},
  journal       = {Computational Science \& Engineering, IEEE},
  number        = {1},
  pages         = {46--55},
  publisher     = {IEEE},
  title         = {OpenMP: an industry standard API for shared-memory programming},
  volume        = {5},
  year          = {1998},
  keywords      = {software}
}

@misc{khronos,
  author   = {OpenGL Wiki},
  title    = {Main Page --- OpenGL Wiki{,} },
  year     = {2018},
  url      = {http://www.khronos.org/opengl/wiki_opengl/index.php?title=Main_Page&oldid=14430},
  note     = {[Online; accessed 8-January-2020]},
  keywords = {software}
}

@article{Angles2019,
  doi       = {10.1145/3340260},
  url       = {https://doi.org/10.1145/3340260},
  year      = {2019},
  month     = jul,
  publisher = {Association for Computing Machinery ({ACM})},
  volume    = {2},
  number    = {2},
  pages     = {1--26},
  author    = {Baptiste Angles and Sofien Bouaziz and Andrea Tagliasacchi and Daniel Rebain and Miles Macklin and Brian Wyvill and Loic Barthe and Jp Lewis and Javier Von Der Pahlen and Shahram Izadi and Julien Valentin},
  title     = {{VIPER}},
  journal   = {Proceedings of the {ACM} on Computer Graphics and Interactive Techniques}
}

@incollection{Callaghan2019,
  doi       = {10.1007/978-3-030-20351-1_33},
  url       = {https://doi.org/10.1007/978-3-030-20351-1_33},
  year      = {2019},
  publisher = {Springer International Publishing},
  pages     = {429--440},
  author    = {Ross Callaghan and Daniel C. Alexander and Hui Zhang and Marco Palombo},
  title     = {Contextual Fibre Growth to Generate Realistic Axonal Packing for Diffusion {MRI} Simulation},
  booktitle = {Lecture Notes in Computer Science}
}

@software{fastpli,
  author   = {Felix Matuschke},
  year     = {2016-2021},
  version  = {1.1},
  note     = {\url{https://github.com/3d-pli/fastpli}},
  title    = {fastPLI -- Fiber Architecture Simulation Toolbox for PLI},
  keywords = {software}
}

@software{GPUfastpli,
  author   = {Alexander Kobusch, Felix Matuschke},
  year     = {2019-2020},
  version  = {1.0},
  note     = {\url{https://jugit.fz-juelich.de/a.kobusch/fastpli}},
  title    = {fastPLI -- Fiber Architecture Simulation Toolbox for PLI with GPU acceleration},
  keywords = {software}
}

@article{destrieux:hal-01261930,
  title       = {{From Vesalius to tractography}},
  author      = {Destrieux, Christophe and Zemmoura, Ilyess and Velut, St{\'e}phane and Vons, Jacqueline},
  url         = {https://hal.archives-ouvertes.fr/hal-01261930},
  journal     = {{Journal of Neurosurgical Sciences}},
  publisher   = {{Edizione Minerva Medica}},
  volume      = {59},
  number      = {4},
  pages       = {309-325},
  year        = {2015},
  month       = Dec,
  keywords    = {History of medicine - Neuroanatomy - Whitematter - Anatomy - Brain},
  hal_id      = {hal-01261930},
  hal_version = {v1}
}

@article{Giacci2018,
  doi       = {10.1038/s41598-018-22361-2},
  url       = {https://doi.org/10.1038/s41598-018-22361-2},
  year      = {2018},
  month     = mar,
  publisher = {Springer Science and Business Media {LLC}},
  volume    = {8},
  number    = {1},
  author    = {Marcus K. Giacci and Carole A. Bartlett and Minh Huynh and Matt R. Kilburn and Sarah A. Dunlop and Melinda Fitzgerald},
  title     = {Three dimensional electron microscopy reveals changing axonal and myelin morphology along normal and partially injured optic nerves},
  journal   = {Scientific Reports}
}

@article{Costantini2020,
  doi       = {10.1101/2020.07.28.225011},
  url       = {https://doi.org/10.1101/2020.07.28.225011},
  year      = {2020},
  month     = jul,
  publisher = {Cold Spring Harbor Laboratory},
  author    = {Irene Costantini and Enrico Baria and Michele Sorelli and Felix Matuschke and Francesco Giardini and Miriam Menzel and Giacomo Mazzamuto and Ludovico Silvestri and Riccardo Cicchi and Katrin Amunts and Markus Axer and Francesco Saverio Pavone},
  title     = {{MAGIC}: A label-free fluorescence method for 3D high-resolution reconstruction of myelinated fibers in large volumes}
}

@misc{isocpp,
  author   = {Standard C++ Foundation},
  title    = {Standard C++ on the web — news, status and discussion about the C++ standard on all compilers and platforms.},
  year     = {2020},
  url      = {https://isocpp.org/},
  keywords = {software}
}

@misc{Lucksch2016,
  author = {Sonja Lucksch},
  title  = {Optimierung und Parallelisierung der Software simPLI zur Simulation von 3D-Polarized-Light-Imaging Messungen},
  year   = {2016},
  url    = {http://juser.fz-juelich.de/record/819319}
}

@online{CLANG,
  author   = {Clang community},
  title    = {Clang: a C language family frontend for LLVM},
  url      = {https://clang.llvm.org/},
  keywords = {software}
}

@online{GCC,
  author   = {GCC team},
  title    = {GCC, the GNU Compiler Collection},
  url      = {https://gcc.gnu.org/},
  urldate  = {2021-07-28},
  keywords = {software}
}
